%YAML 1.1
%TAG !u! tag:unity3d.com,2011:
--- !u!1001 &100100000
Prefab:
  m_ObjectHideFlags: 1
  serializedVersion: 2
  m_Modification:
    m_TransformParent: {fileID: 0}
    m_Modifications: []
    m_RemovedComponents: []
  m_ParentPrefab: {fileID: 0}
  m_RootGameObject: {fileID: 1247711489445638}
  m_IsPrefabParent: 1
--- !u!1 &1247711489445638
GameObject:
  m_ObjectHideFlags: 0
  m_PrefabParentObject: {fileID: 0}
  m_PrefabInternal: {fileID: 100100000}
  serializedVersion: 5
  m_Component:
  - component: {fileID: 4079375141840050}
  - component: {fileID: 33706972742655302}
  - component: {fileID: 23760798112718018}
  - component: {fileID: 64476724684358330}
  - component: {fileID: 114871736187349710}
  - component: {fileID: 122707465010978068}
  m_Layer: 10
  m_Name: Exbox 2
  m_TagString: 1stBottom
  m_Icon: {fileID: 0}
  m_NavMeshLayer: 0
  m_StaticEditorFlags: 0
  m_IsActive: 1
--- !u!4 &4079375141840050
Transform:
  m_ObjectHideFlags: 1
  m_PrefabParentObject: {fileID: 0}
  m_PrefabInternal: {fileID: 100100000}
  m_GameObject: {fileID: 1247711489445638}
  m_LocalRotation: {x: -0.000000009336846, y: 0.5066567, z: -0.000000020082302, w: 0.86214787}
  m_LocalPosition: {x: 4.156686, y: 1.3005421, z: 0.056021303}
  m_LocalScale: {x: 1.7795101, y: 1.7795113, z: 1.779511}
  m_Children: []
  m_Father: {fileID: 0}
  m_RootOrder: 0
  m_LocalEulerAnglesHint: {x: 0, y: 60.883003, z: 0}
--- !u!23 &23760798112718018
MeshRenderer:
  m_ObjectHideFlags: 1
  m_PrefabParentObject: {fileID: 0}
  m_PrefabInternal: {fileID: 100100000}
  m_GameObject: {fileID: 1247711489445638}
  m_Enabled: 1
  m_CastShadows: 1
  m_ReceiveShadows: 1
  m_DynamicOccludee: 1
  m_MotionVectors: 1
  m_LightProbeUsage: 1
  m_ReflectionProbeUsage: 1
  m_Materials:
  - {fileID: 2100000, guid: 2c2b88a48fd376949bd92d12e8e7e685, type: 2}
  m_StaticBatchInfo:
    firstSubMesh: 0
    subMeshCount: 0
  m_StaticBatchRoot: {fileID: 0}
  m_ProbeAnchor: {fileID: 0}
  m_LightProbeVolumeOverride: {fileID: 0}
  m_ScaleInLightmap: 1
  m_PreserveUVs: 0
  m_IgnoreNormalsForChartDetection: 0
  m_ImportantGI: 0
  m_StitchLightmapSeams: 0
  m_SelectedEditorRenderState: 3
  m_MinimumChartSize: 4
  m_AutoUVMaxDistance: 0.5
  m_AutoUVMaxAngle: 89
  m_LightmapParameters: {fileID: 0}
  m_SortingLayerID: 0
  m_SortingLayer: 0
  m_SortingOrder: 0
--- !u!33 &33706972742655302
MeshFilter:
  m_ObjectHideFlags: 1
  m_PrefabParentObject: {fileID: 0}
  m_PrefabInternal: {fileID: 100100000}
  m_GameObject: {fileID: 1247711489445638}
  m_Mesh: {fileID: 4300000, guid: 490c33c6154dacc4e9b9ee1d4c4133c8, type: 3}
--- !u!64 &64476724684358330
MeshCollider:
  m_ObjectHideFlags: 1
  m_PrefabParentObject: {fileID: 0}
  m_PrefabInternal: {fileID: 100100000}
  m_GameObject: {fileID: 1247711489445638}
  m_Material: {fileID: 0}
  m_IsTrigger: 0
  m_Enabled: 1
  serializedVersion: 3
  m_Convex: 1
  m_CookingOptions: 14
  m_SkinWidth: 0.01
  m_Mesh: {fileID: 4300000, guid: 490c33c6154dacc4e9b9ee1d4c4133c8, type: 3}
--- !u!114 &114871736187349710
MonoBehaviour:
  m_ObjectHideFlags: 1
  m_PrefabParentObject: {fileID: 0}
  m_PrefabInternal: {fileID: 100100000}
  m_GameObject: {fileID: 1247711489445638}
  m_Enabled: 1
  m_EditorHideFlags: 0
  m_Script: {fileID: 11500000, guid: 3bd4e6dbc2cea10419d1f1bca7280619, type: 3}
  m_Name: 
  m_EditorClassIdentifier: 
  invenObj: {fileID: 0}
  codeEditor: {fileID: 0}
  choiceEditor: {fileID: 0}
  player: {fileID: 0}
  problemNumber: 1
  itemID: 10
--- !u!122 &122707465010978068
Halo:
  m_ObjectHideFlags: 1
  m_PrefabParentObject: {fileID: 0}
  m_PrefabInternal: {fileID: 100100000}
  m_GameObject: {fileID: 1247711489445638}
  m_Enabled: 1
  m_Color:
    serializedVersion: 2
    rgba: 4281445821
  m_Size: 0.5
