%YAML 1.1
%TAG !u! tag:unity3d.com,2011:
--- !u!29 &1
OcclusionCullingSettings:
  m_ObjectHideFlags: 0
  serializedVersion: 2
  m_OcclusionBakeSettings:
    smallestOccluder: 5
    smallestHole: 0.25
    backfaceThreshold: 100
  m_SceneGUID: 00000000000000000000000000000000
  m_OcclusionCullingData: {fileID: 0}
--- !u!104 &2
RenderSettings:
  m_ObjectHideFlags: 0
  serializedVersion: 8
  m_Fog: 0
  m_FogColor: {r: 0.5, g: 0.5, b: 0.5, a: 1}
  m_FogMode: 3
  m_FogDensity: 0.01
  m_LinearFogStart: 0
  m_LinearFogEnd: 300
  m_AmbientSkyColor: {r: 0.212, g: 0.227, b: 0.259, a: 1}
  m_AmbientEquatorColor: {r: 0.114, g: 0.125, b: 0.133, a: 1}
  m_AmbientGroundColor: {r: 0.047, g: 0.043, b: 0.035, a: 1}
  m_AmbientIntensity: 1
  m_AmbientMode: 0
  m_SubtractiveShadowColor: {r: 0.42, g: 0.478, b: 0.627, a: 1}
  m_SkyboxMaterial: {fileID: 10304, guid: 0000000000000000f000000000000000, type: 0}
  m_HaloStrength: 0.5
  m_FlareStrength: 1
  m_FlareFadeSpeed: 3
  m_HaloTexture: {fileID: 0}
  m_SpotCookie: {fileID: 10001, guid: 0000000000000000e000000000000000, type: 0}
  m_DefaultReflectionMode: 0
  m_DefaultReflectionResolution: 128
  m_ReflectionBounces: 1
  m_ReflectionIntensity: 1
  m_CustomReflection: {fileID: 0}
  m_Sun: {fileID: 0}
  m_IndirectSpecularColor: {r: 0, g: 0, b: 0, a: 1}
--- !u!157 &3
LightmapSettings:
  m_ObjectHideFlags: 0
  serializedVersion: 11
  m_GIWorkflowMode: 0
  m_GISettings:
    serializedVersion: 2
    m_BounceScale: 1
    m_IndirectOutputScale: 1
    m_AlbedoBoost: 1
    m_TemporalCoherenceThreshold: 1
    m_EnvironmentLightingMode: 0
    m_EnableBakedLightmaps: 1
    m_EnableRealtimeLightmaps: 1
  m_LightmapEditorSettings:
    serializedVersion: 9
    m_Resolution: 2
    m_BakeResolution: 40
    m_TextureWidth: 1024
    m_TextureHeight: 1024
    m_AO: 0
    m_AOMaxDistance: 1
    m_CompAOExponent: 1
    m_CompAOExponentDirect: 0
    m_Padding: 2
    m_LightmapParameters: {fileID: 0}
    m_LightmapsBakeMode: 1
    m_TextureCompression: 1
    m_FinalGather: 0
    m_FinalGatherFiltering: 1
    m_FinalGatherRayCount: 256
    m_ReflectionCompression: 2
    m_MixedBakeMode: 2
    m_BakeBackend: 0
    m_PVRSampling: 1
    m_PVRDirectSampleCount: 32
    m_PVRSampleCount: 500
    m_PVRBounces: 2
    m_PVRFilterTypeDirect: 0
    m_PVRFilterTypeIndirect: 0
    m_PVRFilterTypeAO: 0
    m_PVRFilteringMode: 1
    m_PVRCulling: 1
    m_PVRFilteringGaussRadiusDirect: 1
    m_PVRFilteringGaussRadiusIndirect: 5
    m_PVRFilteringGaussRadiusAO: 2
    m_PVRFilteringAtrousPositionSigmaDirect: 0.5
    m_PVRFilteringAtrousPositionSigmaIndirect: 2
    m_PVRFilteringAtrousPositionSigmaAO: 1
    m_ShowResolutionOverlay: 1
  m_LightingDataAsset: {fileID: 0}
  m_UseShadowmask: 1
--- !u!196 &4
NavMeshSettings:
  serializedVersion: 2
  m_ObjectHideFlags: 0
  m_BuildSettings:
    serializedVersion: 2
    agentTypeID: 0
    agentRadius: 0.75
    agentHeight: 1.8
    agentSlope: 45
    agentClimb: 0.4
    ledgeDropHeight: 0
    maxJumpAcrossDistance: 0
    minRegionArea: 2
    manualCellSize: 0
    cellSize: 0.25
    manualTileSize: 0
    tileSize: 256
    accuratePlacement: 0
    debug:
      m_Flags: 0
  m_NavMeshData: {fileID: 23800000, guid: 3f9166b4cef1a3e4e9ecdf59514c0bc6, type: 2}
--- !u!21 &30562764
Material:
  serializedVersion: 6
  m_ObjectHideFlags: 0
  m_PrefabParentObject: {fileID: 0}
  m_PrefabInternal: {fileID: 0}
  m_Name: EyeAndLash
  m_Shader: {fileID: 4800000, guid: d545c46e658620143abf0bf746b90a19, type: 3}
  m_ShaderKeywords: 
  m_LightmapFlags: 5
  m_EnableInstancingVariants: 0
  m_DoubleSidedGI: 0
  m_CustomRenderQueue: -1
  stringTagMap: {}
  disabledShaderPasses: []
  m_SavedProperties:
    serializedVersion: 3
    m_TexEnvs:
    - _MainTex:
        m_Texture: {fileID: 2800000, guid: 50988ebd9d699964b8d31d8f1ea0e21c, type: 3}
        m_Scale: {x: 1, y: 1}
        m_Offset: {x: 0, y: 0}
    m_Floats:
    - _Spread: 64
    m_Colors:
    - _Color: {r: 1, g: 1, b: 1, a: 1}
--- !u!1001 &49370980
Prefab:
  m_ObjectHideFlags: 0
  serializedVersion: 2
  m_Modification:
    m_TransformParent: {fileID: 0}
    m_Modifications:
    - target: {fileID: 224715676494823374, guid: 9f3475f24b22eeb49a0d69635ccde635,
        type: 2}
      propertyPath: m_LocalPosition.x
      value: 0
      objectReference: {fileID: 0}
    - target: {fileID: 224715676494823374, guid: 9f3475f24b22eeb49a0d69635ccde635,
        type: 2}
      propertyPath: m_LocalPosition.y
      value: 0
      objectReference: {fileID: 0}
    - target: {fileID: 224715676494823374, guid: 9f3475f24b22eeb49a0d69635ccde635,
        type: 2}
      propertyPath: m_LocalPosition.z
      value: 0
      objectReference: {fileID: 0}
    - target: {fileID: 224715676494823374, guid: 9f3475f24b22eeb49a0d69635ccde635,
        type: 2}
      propertyPath: m_LocalRotation.x
      value: 0
      objectReference: {fileID: 0}
    - target: {fileID: 224715676494823374, guid: 9f3475f24b22eeb49a0d69635ccde635,
        type: 2}
      propertyPath: m_LocalRotation.y
      value: 0
      objectReference: {fileID: 0}
    - target: {fileID: 224715676494823374, guid: 9f3475f24b22eeb49a0d69635ccde635,
        type: 2}
      propertyPath: m_LocalRotation.z
      value: 0
      objectReference: {fileID: 0}
    - target: {fileID: 224715676494823374, guid: 9f3475f24b22eeb49a0d69635ccde635,
        type: 2}
      propertyPath: m_LocalRotation.w
      value: 1
      objectReference: {fileID: 0}
    - target: {fileID: 224715676494823374, guid: 9f3475f24b22eeb49a0d69635ccde635,
        type: 2}
      propertyPath: m_RootOrder
      value: 11
      objectReference: {fileID: 0}
    - target: {fileID: 224715676494823374, guid: 9f3475f24b22eeb49a0d69635ccde635,
        type: 2}
      propertyPath: m_AnchoredPosition.x
      value: 0
      objectReference: {fileID: 0}
    - target: {fileID: 224715676494823374, guid: 9f3475f24b22eeb49a0d69635ccde635,
        type: 2}
      propertyPath: m_AnchoredPosition.y
      value: 0
      objectReference: {fileID: 0}
    - target: {fileID: 224715676494823374, guid: 9f3475f24b22eeb49a0d69635ccde635,
        type: 2}
      propertyPath: m_SizeDelta.x
      value: 0
      objectReference: {fileID: 0}
    - target: {fileID: 224715676494823374, guid: 9f3475f24b22eeb49a0d69635ccde635,
        type: 2}
      propertyPath: m_SizeDelta.y
      value: 0
      objectReference: {fileID: 0}
    - target: {fileID: 224715676494823374, guid: 9f3475f24b22eeb49a0d69635ccde635,
        type: 2}
      propertyPath: m_AnchorMin.x
      value: 0
      objectReference: {fileID: 0}
    - target: {fileID: 224715676494823374, guid: 9f3475f24b22eeb49a0d69635ccde635,
        type: 2}
      propertyPath: m_AnchorMin.y
      value: 0
      objectReference: {fileID: 0}
    - target: {fileID: 224715676494823374, guid: 9f3475f24b22eeb49a0d69635ccde635,
        type: 2}
      propertyPath: m_AnchorMax.x
      value: 0
      objectReference: {fileID: 0}
    - target: {fileID: 224715676494823374, guid: 9f3475f24b22eeb49a0d69635ccde635,
        type: 2}
      propertyPath: m_AnchorMax.y
      value: 0
      objectReference: {fileID: 0}
    - target: {fileID: 224715676494823374, guid: 9f3475f24b22eeb49a0d69635ccde635,
        type: 2}
      propertyPath: m_Pivot.x
      value: 0
      objectReference: {fileID: 0}
    - target: {fileID: 224715676494823374, guid: 9f3475f24b22eeb49a0d69635ccde635,
        type: 2}
      propertyPath: m_Pivot.y
      value: 0
      objectReference: {fileID: 0}
    m_RemovedComponents: []
  m_ParentPrefab: {fileID: 100100000, guid: 9f3475f24b22eeb49a0d69635ccde635, type: 2}
  m_IsPrefabParent: 0
--- !u!1001 &83731403
Prefab:
  m_ObjectHideFlags: 0
  serializedVersion: 2
  m_Modification:
    m_TransformParent: {fileID: 0}
    m_Modifications:
    - target: {fileID: 224273110710467874, guid: e44e02e0d1417b945b15dc959ea39413,
        type: 2}
      propertyPath: m_LocalPosition.x
      value: 0
      objectReference: {fileID: 0}
    - target: {fileID: 224273110710467874, guid: e44e02e0d1417b945b15dc959ea39413,
        type: 2}
      propertyPath: m_LocalPosition.y
      value: 0
      objectReference: {fileID: 0}
    - target: {fileID: 224273110710467874, guid: e44e02e0d1417b945b15dc959ea39413,
        type: 2}
      propertyPath: m_LocalPosition.z
      value: 0
      objectReference: {fileID: 0}
    - target: {fileID: 224273110710467874, guid: e44e02e0d1417b945b15dc959ea39413,
        type: 2}
      propertyPath: m_LocalRotation.x
      value: 0
      objectReference: {fileID: 0}
    - target: {fileID: 224273110710467874, guid: e44e02e0d1417b945b15dc959ea39413,
        type: 2}
      propertyPath: m_LocalRotation.y
      value: 0
      objectReference: {fileID: 0}
    - target: {fileID: 224273110710467874, guid: e44e02e0d1417b945b15dc959ea39413,
        type: 2}
      propertyPath: m_LocalRotation.z
      value: 0
      objectReference: {fileID: 0}
    - target: {fileID: 224273110710467874, guid: e44e02e0d1417b945b15dc959ea39413,
        type: 2}
      propertyPath: m_LocalRotation.w
      value: 1
      objectReference: {fileID: 0}
    - target: {fileID: 224273110710467874, guid: e44e02e0d1417b945b15dc959ea39413,
        type: 2}
      propertyPath: m_RootOrder
      value: 7
      objectReference: {fileID: 0}
    - target: {fileID: 224273110710467874, guid: e44e02e0d1417b945b15dc959ea39413,
        type: 2}
      propertyPath: m_AnchoredPosition.x
      value: 0
      objectReference: {fileID: 0}
    - target: {fileID: 224273110710467874, guid: e44e02e0d1417b945b15dc959ea39413,
        type: 2}
      propertyPath: m_AnchoredPosition.y
      value: 0
      objectReference: {fileID: 0}
    - target: {fileID: 224273110710467874, guid: e44e02e0d1417b945b15dc959ea39413,
        type: 2}
      propertyPath: m_SizeDelta.x
      value: 0
      objectReference: {fileID: 0}
    - target: {fileID: 224273110710467874, guid: e44e02e0d1417b945b15dc959ea39413,
        type: 2}
      propertyPath: m_SizeDelta.y
      value: 0
      objectReference: {fileID: 0}
    - target: {fileID: 224273110710467874, guid: e44e02e0d1417b945b15dc959ea39413,
        type: 2}
      propertyPath: m_AnchorMin.x
      value: 0
      objectReference: {fileID: 0}
    - target: {fileID: 224273110710467874, guid: e44e02e0d1417b945b15dc959ea39413,
        type: 2}
      propertyPath: m_AnchorMin.y
      value: 0
      objectReference: {fileID: 0}
    - target: {fileID: 224273110710467874, guid: e44e02e0d1417b945b15dc959ea39413,
        type: 2}
      propertyPath: m_AnchorMax.x
      value: 0
      objectReference: {fileID: 0}
    - target: {fileID: 224273110710467874, guid: e44e02e0d1417b945b15dc959ea39413,
        type: 2}
      propertyPath: m_AnchorMax.y
      value: 0
      objectReference: {fileID: 0}
    - target: {fileID: 224273110710467874, guid: e44e02e0d1417b945b15dc959ea39413,
        type: 2}
      propertyPath: m_Pivot.x
      value: 0
      objectReference: {fileID: 0}
    - target: {fileID: 224273110710467874, guid: e44e02e0d1417b945b15dc959ea39413,
        type: 2}
      propertyPath: m_Pivot.y
      value: 0
      objectReference: {fileID: 0}
    - target: {fileID: 114199645062388850, guid: e44e02e0d1417b945b15dc959ea39413,
        type: 2}
      propertyPath: playerHealth
      value: 
      objectReference: {fileID: 1223202944}
    - target: {fileID: 224899233235684934, guid: e44e02e0d1417b945b15dc959ea39413,
        type: 2}
      propertyPath: m_AnchorMax.x
      value: 0
      objectReference: {fileID: 0}
    - target: {fileID: 224899233235684934, guid: e44e02e0d1417b945b15dc959ea39413,
        type: 2}
      propertyPath: m_AnchorMax.y
      value: 0
      objectReference: {fileID: 0}
    m_RemovedComponents: []
  m_ParentPrefab: {fileID: 100100000, guid: e44e02e0d1417b945b15dc959ea39413, type: 2}
  m_IsPrefabParent: 0
--- !u!114 &108909725 stripped
MonoBehaviour:
  m_PrefabParentObject: {fileID: 114986434443576724, guid: e44e02e0d1417b945b15dc959ea39413,
    type: 2}
  m_PrefabInternal: {fileID: 83731403}
  m_Script: {fileID: -765806418, guid: f70555f144d8491a825f0804e09c671c, type: 3}
--- !u!4 &115988123 stripped
Transform:
  m_PrefabParentObject: {fileID: 4957759680100272, guid: e1baa2a6b3d49254296be009d1c795b9,
    type: 2}
  m_PrefabInternal: {fileID: 1180833570}
--- !u!84 &217979128
RenderTexture:
  m_ObjectHideFlags: 0
  m_PrefabParentObject: {fileID: 0}
  m_PrefabInternal: {fileID: 0}
  m_Name: 
  m_ImageContentsHash:
    serializedVersion: 2
    Hash: 00000000000000000000000000000000
  m_ForcedFallbackFormat: 4
  m_DownscaleFallback: 0
  m_Width: 512
  m_Height: 512
  m_AntiAliasing: 1
  m_DepthFormat: 0
  m_ColorFormat: 0
  m_MipMap: 0
  m_GenerateMips: 1
  m_SRGB: 0
  m_UseDynamicScale: 0
  m_BindMS: 0
  m_TextureSettings:
    serializedVersion: 2
    m_FilterMode: 1
    m_Aniso: 0
    m_MipBias: 0
    m_WrapU: 0
    m_WrapV: 0
    m_WrapW: 0
  m_Dimension: 2
  m_VolumeDepth: 1
--- !u!1001 &412996840
Prefab:
  m_ObjectHideFlags: 0
  serializedVersion: 2
  m_Modification:
    m_TransformParent: {fileID: 0}
    m_Modifications:
    - target: {fileID: 4820369598450984, guid: 1a18d4bf0729967418870d36a29a722b, type: 2}
      propertyPath: m_LocalPosition.x
      value: 0
      objectReference: {fileID: 0}
    - target: {fileID: 4820369598450984, guid: 1a18d4bf0729967418870d36a29a722b, type: 2}
      propertyPath: m_LocalPosition.y
      value: 0
      objectReference: {fileID: 0}
    - target: {fileID: 4820369598450984, guid: 1a18d4bf0729967418870d36a29a722b, type: 2}
      propertyPath: m_LocalPosition.z
      value: 0
      objectReference: {fileID: 0}
    - target: {fileID: 4820369598450984, guid: 1a18d4bf0729967418870d36a29a722b, type: 2}
      propertyPath: m_LocalRotation.x
      value: 0
      objectReference: {fileID: 0}
    - target: {fileID: 4820369598450984, guid: 1a18d4bf0729967418870d36a29a722b, type: 2}
      propertyPath: m_LocalRotation.y
      value: 0
      objectReference: {fileID: 0}
    - target: {fileID: 4820369598450984, guid: 1a18d4bf0729967418870d36a29a722b, type: 2}
      propertyPath: m_LocalRotation.z
      value: 0
      objectReference: {fileID: 0}
    - target: {fileID: 4820369598450984, guid: 1a18d4bf0729967418870d36a29a722b, type: 2}
      propertyPath: m_LocalRotation.w
      value: 1
      objectReference: {fileID: 0}
    - target: {fileID: 4820369598450984, guid: 1a18d4bf0729967418870d36a29a722b, type: 2}
      propertyPath: m_RootOrder
      value: 3
      objectReference: {fileID: 0}
    m_RemovedComponents: []
  m_ParentPrefab: {fileID: 100100000, guid: 1a18d4bf0729967418870d36a29a722b, type: 2}
  m_IsPrefabParent: 0
--- !u!1 &426439068 stripped
GameObject:
  m_PrefabParentObject: {fileID: 1279713994219270, guid: 9f3475f24b22eeb49a0d69635ccde635,
    type: 2}
  m_PrefabInternal: {fileID: 49370980}
--- !u!1 &426439069 stripped
GameObject:
  m_PrefabParentObject: {fileID: 1049005897101448, guid: 9f3475f24b22eeb49a0d69635ccde635,
    type: 2}
  m_PrefabInternal: {fileID: 49370980}
--- !u!84 &509825177
RenderTexture:
  m_ObjectHideFlags: 0
  m_PrefabParentObject: {fileID: 0}
  m_PrefabInternal: {fileID: 0}
  m_Name: 
  m_ImageContentsHash:
    serializedVersion: 2
    Hash: 00000000000000000000000000000000
  m_ForcedFallbackFormat: 4
  m_DownscaleFallback: 0
  m_Width: 512
  m_Height: 512
  m_AntiAliasing: 1
  m_DepthFormat: 0
  m_ColorFormat: 0
  m_MipMap: 0
  m_GenerateMips: 1
  m_SRGB: 0
  m_UseDynamicScale: 0
  m_BindMS: 0
  m_TextureSettings:
    serializedVersion: 2
    m_FilterMode: 1
    m_Aniso: 0
    m_MipBias: 0
    m_WrapU: 0
    m_WrapV: 0
    m_WrapW: 0
  m_Dimension: 2
  m_VolumeDepth: 1
--- !u!1 &518963529 stripped
GameObject:
  m_PrefabParentObject: {fileID: 1055293539906568, guid: d78108c16d0b09e478d9e7142e5e8feb,
    type: 2}
  m_PrefabInternal: {fileID: 865591080}
--- !u!1001 &524094291
Prefab:
  m_ObjectHideFlags: 0
  serializedVersion: 2
  m_Modification:
    m_TransformParent: {fileID: 0}
    m_Modifications:
    - target: {fileID: 4131899826731132, guid: 8502f40dac0351e4f986761dafcb1ca9, type: 2}
      propertyPath: m_LocalPosition.x
      value: 0
      objectReference: {fileID: 0}
    - target: {fileID: 4131899826731132, guid: 8502f40dac0351e4f986761dafcb1ca9, type: 2}
      propertyPath: m_LocalPosition.y
      value: 3
      objectReference: {fileID: 0}
    - target: {fileID: 4131899826731132, guid: 8502f40dac0351e4f986761dafcb1ca9, type: 2}
      propertyPath: m_LocalPosition.z
      value: 0
      objectReference: {fileID: 0}
    - target: {fileID: 4131899826731132, guid: 8502f40dac0351e4f986761dafcb1ca9, type: 2}
      propertyPath: m_LocalRotation.x
      value: 0.40821788
      objectReference: {fileID: 0}
    - target: {fileID: 4131899826731132, guid: 8502f40dac0351e4f986761dafcb1ca9, type: 2}
      propertyPath: m_LocalRotation.y
      value: -0.23456968
      objectReference: {fileID: 0}
    - target: {fileID: 4131899826731132, guid: 8502f40dac0351e4f986761dafcb1ca9, type: 2}
      propertyPath: m_LocalRotation.z
      value: 0.10938163
      objectReference: {fileID: 0}
    - target: {fileID: 4131899826731132, guid: 8502f40dac0351e4f986761dafcb1ca9, type: 2}
      propertyPath: m_LocalRotation.w
      value: 0.8754261
      objectReference: {fileID: 0}
    - target: {fileID: 4131899826731132, guid: 8502f40dac0351e4f986761dafcb1ca9, type: 2}
      propertyPath: m_RootOrder
      value: 0
      objectReference: {fileID: 0}
    m_RemovedComponents: []
  m_ParentPrefab: {fileID: 100100000, guid: 8502f40dac0351e4f986761dafcb1ca9, type: 2}
  m_IsPrefabParent: 0
--- !u!1001 &669561881
Prefab:
  m_ObjectHideFlags: 0
  serializedVersion: 2
  m_Modification:
    m_TransformParent: {fileID: 0}
    m_Modifications:
    - target: {fileID: 4587464671313254, guid: 06451d11a16d34d449b54d6e0dc2bc0e, type: 2}
      propertyPath: m_LocalPosition.x
      value: 0.8
      objectReference: {fileID: 0}
    - target: {fileID: 4587464671313254, guid: 06451d11a16d34d449b54d6e0dc2bc0e, type: 2}
      propertyPath: m_LocalPosition.y
      value: 0
      objectReference: {fileID: 0}
    - target: {fileID: 4587464671313254, guid: 06451d11a16d34d449b54d6e0dc2bc0e, type: 2}
      propertyPath: m_LocalPosition.z
      value: 2.83
      objectReference: {fileID: 0}
    - target: {fileID: 4587464671313254, guid: 06451d11a16d34d449b54d6e0dc2bc0e, type: 2}
      propertyPath: m_LocalRotation.x
      value: 0
      objectReference: {fileID: 0}
    - target: {fileID: 4587464671313254, guid: 06451d11a16d34d449b54d6e0dc2bc0e, type: 2}
      propertyPath: m_LocalRotation.y
      value: 0
      objectReference: {fileID: 0}
    - target: {fileID: 4587464671313254, guid: 06451d11a16d34d449b54d6e0dc2bc0e, type: 2}
      propertyPath: m_LocalRotation.z
      value: 0
      objectReference: {fileID: 0}
    - target: {fileID: 4587464671313254, guid: 06451d11a16d34d449b54d6e0dc2bc0e, type: 2}
      propertyPath: m_LocalRotation.w
      value: 1
      objectReference: {fileID: 0}
    - target: {fileID: 4587464671313254, guid: 06451d11a16d34d449b54d6e0dc2bc0e, type: 2}
      propertyPath: m_RootOrder
      value: 2
      objectReference: {fileID: 0}
    - target: {fileID: 114338107480423202, guid: 06451d11a16d34d449b54d6e0dc2bc0e,
        type: 2}
      propertyPath: TextBox
      value: 
      objectReference: {fileID: 426439068}
    m_RemovedComponents: []
  m_ParentPrefab: {fileID: 100100000, guid: 06451d11a16d34d449b54d6e0dc2bc0e, type: 2}
  m_IsPrefabParent: 0
--- !u!21 &787060033
Material:
  serializedVersion: 6
  m_ObjectHideFlags: 0
  m_PrefabParentObject: {fileID: 0}
  m_PrefabInternal: {fileID: 0}
  m_Name: Body_LOD0
  m_Shader: {fileID: 4800000, guid: b5f9959f7b6042c4eac31c2b58eb6cc2, type: 3}
  m_ShaderKeywords: _ALPHATEST_ON _DETAIL_MULX2 _NORMALMAP _SPECGLOSSMAP
  m_LightmapFlags: 5
  m_EnableInstancingVariants: 0
  m_DoubleSidedGI: 0
  m_CustomRenderQueue: 2450
  stringTagMap:
    RenderType: TransparentCutout
  disabledShaderPasses: []
  m_SavedProperties:
    serializedVersion: 3
    m_TexEnvs:
    - _AlphaTex:
        m_Texture: {fileID: 217979128}
        m_Scale: {x: 1, y: 1}
        m_Offset: {x: 0, y: 0}
    - _BumpMap:
        m_Texture: {fileID: 2800000, guid: 45338ebc0d88b4ad2b70a690df0522f4, type: 3}
        m_Scale: {x: 1, y: 1}
        m_Offset: {x: 0, y: 0}
    - _DetailAlbedoMap:
        m_Texture: {fileID: 0}
        m_Scale: {x: 1, y: 1}
        m_Offset: {x: 0, y: 0}
    - _DetailMask:
        m_Texture: {fileID: 0}
        m_Scale: {x: 1, y: 1}
        m_Offset: {x: 0, y: 0}
    - _DetailNormalMap:
        m_Texture: {fileID: 2800000, guid: 0ff56e8ce28af470895f06e8788f4eef, type: 3}
        m_Scale: {x: 1, y: 1}
        m_Offset: {x: 0, y: 0}
    - _EmissionMap:
        m_Texture: {fileID: 0}
        m_Scale: {x: 1, y: 1}
        m_Offset: {x: 0, y: 0}
    - _MainTex:
        m_Texture: {fileID: 2800000, guid: d9dd1b4c185db4a6a85a7ee3730bd746, type: 3}
        m_Scale: {x: 1, y: 1}
        m_Offset: {x: 0, y: 0}
    - _OcclusionMap:
        m_Texture: {fileID: 0}
        m_Scale: {x: 1, y: 1}
        m_Offset: {x: 0, y: 0}
    - _Overlay:
        m_Texture: {fileID: 0}
        m_Scale: {x: 1, y: 1}
        m_Offset: {x: 0, y: 0}
    - _ParallaxMap:
        m_Texture: {fileID: 0}
        m_Scale: {x: 1, y: 1}
        m_Offset: {x: 0, y: 0}
    - _SpecGlossMap:
        m_Texture: {fileID: 2800000, guid: c705a62df1cf14ccd947a71e99faac34, type: 3}
        m_Scale: {x: 1, y: 1}
        m_Offset: {x: 0, y: 0}
    m_Floats:
    - _BumpScale: 1
    - _CullMode: 2
    - _Cutoff: 0.5
    - _DetailNormalMapScale: 1
    - _DstBlend: 0
    - _EmissionScaleUI: 0
    - _Glossiness: 0.5
    - _Mode: 1
    - _OcclusionStrength: 1
    - _Parallax: 0.02
    - _PlaneReflectionBumpClamp: 0.05
    - _PlaneReflectionBumpScale: 0.4
    - _SmoothnessInAlbedo: 0
    - _SmoothnessTweak1: 1
    - _SmoothnessTweak2: 0
    - _SrcBlend: 1
    - _UVSec: 0
    - _ZWrite: 1
    m_Colors:
    - _Color: {r: 1, g: 1, b: 1, a: 1}
    - _EmissionColor: {r: 0, g: 0, b: 0, a: 1}
    - _EmissionColorUI: {r: 1, g: 1, b: 1, a: 1}
    - _OverlayColor: {r: 0, g: 0, b: 0, a: 0}
    - _SpecColor: {r: 0.2, g: 0.2, b: 0.2, a: 1}
    - _SpecularMapColorTweak: {r: 1, g: 1, b: 1, a: 1}
--- !u!1001 &865591080
Prefab:
  m_ObjectHideFlags: 0
  serializedVersion: 2
  m_Modification:
    m_TransformParent: {fileID: 0}
    m_Modifications:
    - target: {fileID: 4588829140464828, guid: d78108c16d0b09e478d9e7142e5e8feb, type: 2}
      propertyPath: m_LocalPosition.x
      value: 0
      objectReference: {fileID: 0}
    - target: {fileID: 4588829140464828, guid: d78108c16d0b09e478d9e7142e5e8feb, type: 2}
      propertyPath: m_LocalPosition.y
      value: 0
      objectReference: {fileID: 0}
    - target: {fileID: 4588829140464828, guid: d78108c16d0b09e478d9e7142e5e8feb, type: 2}
      propertyPath: m_LocalPosition.z
      value: -6.42
      objectReference: {fileID: 0}
    - target: {fileID: 4588829140464828, guid: d78108c16d0b09e478d9e7142e5e8feb, type: 2}
      propertyPath: m_LocalRotation.x
      value: -0
      objectReference: {fileID: 0}
    - target: {fileID: 4588829140464828, guid: d78108c16d0b09e478d9e7142e5e8feb, type: 2}
      propertyPath: m_LocalRotation.y
      value: -0
      objectReference: {fileID: 0}
    - target: {fileID: 4588829140464828, guid: d78108c16d0b09e478d9e7142e5e8feb, type: 2}
      propertyPath: m_LocalRotation.z
      value: -0
      objectReference: {fileID: 0}
    - target: {fileID: 4588829140464828, guid: d78108c16d0b09e478d9e7142e5e8feb, type: 2}
      propertyPath: m_LocalRotation.w
      value: 1
      objectReference: {fileID: 0}
    - target: {fileID: 4588829140464828, guid: d78108c16d0b09e478d9e7142e5e8feb, type: 2}
      propertyPath: m_RootOrder
      value: 5
      objectReference: {fileID: 0}
    - target: {fileID: 137355241024759224, guid: d78108c16d0b09e478d9e7142e5e8feb,
        type: 2}
      propertyPath: m_Materials.Array.data[0]
      value: 
      objectReference: {fileID: 30562764}
    - target: {fileID: 137355241024759224, guid: d78108c16d0b09e478d9e7142e5e8feb,
        type: 2}
      propertyPath: m_Materials.Array.data[1]
      value: 
      objectReference: {fileID: 787060033}
    - target: {fileID: 137355241024759224, guid: d78108c16d0b09e478d9e7142e5e8feb,
        type: 2}
      propertyPath: m_Materials.Array.data[2]
      value: 
      objectReference: {fileID: 1345040714}
    - target: {fileID: 114123742555881680, guid: d78108c16d0b09e478d9e7142e5e8feb,
        type: 2}
      propertyPath: healthSlider
      value: 
      objectReference: {fileID: 1674850741}
    - target: {fileID: 114123742555881680, guid: d78108c16d0b09e478d9e7142e5e8feb,
        type: 2}
      propertyPath: damageImage
      value: 
      objectReference: {fileID: 108909725}
    m_RemovedComponents: []
  m_ParentPrefab: {fileID: 100100000, guid: d78108c16d0b09e478d9e7142e5e8feb, type: 2}
  m_IsPrefabParent: 0
--- !u!1001 &1180833570
Prefab:
  m_ObjectHideFlags: 0
  serializedVersion: 2
  m_Modification:
    m_TransformParent: {fileID: 0}
    m_Modifications:
    - target: {fileID: 4957759680100272, guid: e1baa2a6b3d49254296be009d1c795b9, type: 2}
      propertyPath: m_LocalPosition.x
      value: 7.57
      objectReference: {fileID: 0}
    - target: {fileID: 4957759680100272, guid: e1baa2a6b3d49254296be009d1c795b9, type: 2}
      propertyPath: m_LocalPosition.y
      value: 0
      objectReference: {fileID: 0}
    - target: {fileID: 4957759680100272, guid: e1baa2a6b3d49254296be009d1c795b9, type: 2}
      propertyPath: m_LocalPosition.z
      value: 4.11
      objectReference: {fileID: 0}
    - target: {fileID: 4957759680100272, guid: e1baa2a6b3d49254296be009d1c795b9, type: 2}
      propertyPath: m_LocalRotation.x
      value: 0
      objectReference: {fileID: 0}
    - target: {fileID: 4957759680100272, guid: e1baa2a6b3d49254296be009d1c795b9, type: 2}
      propertyPath: m_LocalRotation.y
      value: 0
      objectReference: {fileID: 0}
    - target: {fileID: 4957759680100272, guid: e1baa2a6b3d49254296be009d1c795b9, type: 2}
      propertyPath: m_LocalRotation.z
      value: 0
      objectReference: {fileID: 0}
    - target: {fileID: 4957759680100272, guid: e1baa2a6b3d49254296be009d1c795b9, type: 2}
      propertyPath: m_LocalRotation.w
      value: 1
      objectReference: {fileID: 0}
    - target: {fileID: 4957759680100272, guid: e1baa2a6b3d49254296be009d1c795b9, type: 2}
      propertyPath: m_RootOrder
      value: 9
      objectReference: {fileID: 0}
    m_RemovedComponents: []
  m_ParentPrefab: {fileID: 100100000, guid: e1baa2a6b3d49254296be009d1c795b9, type: 2}
  m_IsPrefabParent: 0
--- !u!114 &1223202944 stripped
MonoBehaviour:
  m_PrefabParentObject: {fileID: 114123742555881680, guid: d78108c16d0b09e478d9e7142e5e8feb,
    type: 2}
  m_PrefabInternal: {fileID: 865591080}
  m_Script: {fileID: 11500000, guid: 65c2f1bdb5ec78f42907d32bf2aceaaf, type: 3}
--- !u!4 &1223202954 stripped
Transform:
  m_PrefabParentObject: {fileID: 4588829140464828, guid: d78108c16d0b09e478d9e7142e5e8feb,
    type: 2}
  m_PrefabInternal: {fileID: 865591080}
--- !u!1001 &1268767655
Prefab:
  m_ObjectHideFlags: 0
  serializedVersion: 2
  m_Modification:
    m_TransformParent: {fileID: 0}
    m_Modifications:
    - target: {fileID: 4043641697210920, guid: 5451eff771f664a4faa4449211e8dba4, type: 2}
      propertyPath: m_LocalPosition.x
      value: 0.8
      objectReference: {fileID: 0}
    - target: {fileID: 4043641697210920, guid: 5451eff771f664a4faa4449211e8dba4, type: 2}
      propertyPath: m_LocalPosition.y
      value: 0
      objectReference: {fileID: 0}
    - target: {fileID: 4043641697210920, guid: 5451eff771f664a4faa4449211e8dba4, type: 2}
      propertyPath: m_LocalPosition.z
      value: 2.83
      objectReference: {fileID: 0}
    - target: {fileID: 4043641697210920, guid: 5451eff771f664a4faa4449211e8dba4, type: 2}
      propertyPath: m_LocalRotation.x
      value: 0
      objectReference: {fileID: 0}
    - target: {fileID: 4043641697210920, guid: 5451eff771f664a4faa4449211e8dba4, type: 2}
      propertyPath: m_LocalRotation.y
      value: 1
      objectReference: {fileID: 0}
    - target: {fileID: 4043641697210920, guid: 5451eff771f664a4faa4449211e8dba4, type: 2}
      propertyPath: m_LocalRotation.z
      value: 0
      objectReference: {fileID: 0}
    - target: {fileID: 4043641697210920, guid: 5451eff771f664a4faa4449211e8dba4, type: 2}
      propertyPath: m_LocalRotation.w
      value: 0
      objectReference: {fileID: 0}
    - target: {fileID: 4043641697210920, guid: 5451eff771f664a4faa4449211e8dba4, type: 2}
      propertyPath: m_RootOrder
      value: 1
      objectReference: {fileID: 0}
    m_RemovedComponents: []
  m_ParentPrefab: {fileID: 100100000, guid: 5451eff771f664a4faa4449211e8dba4, type: 2}
  m_IsPrefabParent: 0
--- !u!21 &1345040714
Material:
  serializedVersion: 6
  m_ObjectHideFlags: 0
  m_PrefabParentObject: {fileID: 0}
  m_PrefabInternal: {fileID: 0}
  m_Name: Head_LOD0
  m_Shader: {fileID: 4800000, guid: b5f9959f7b6042c4eac31c2b58eb6cc2, type: 3}
  m_ShaderKeywords: _ALPHATEST_ON _DETAIL_MULX2 _NORMALMAP _SPECGLOSSMAP
  m_LightmapFlags: 5
  m_EnableInstancingVariants: 0
  m_DoubleSidedGI: 0
  m_CustomRenderQueue: 2450
  stringTagMap:
    RenderType: TransparentCutout
  disabledShaderPasses: []
  m_SavedProperties:
    serializedVersion: 3
    m_TexEnvs:
    - _AlphaTex:
        m_Texture: {fileID: 509825177}
        m_Scale: {x: 1, y: 1}
        m_Offset: {x: 0, y: 0}
    - _BumpMap:
        m_Texture: {fileID: 2800000, guid: b0dd1a37592d54f8798ffa4ec34490b5, type: 3}
        m_Scale: {x: 1, y: 1}
        m_Offset: {x: 0, y: 0}
    - _DetailAlbedoMap:
        m_Texture: {fileID: 0}
        m_Scale: {x: 1, y: 1}
        m_Offset: {x: 0, y: 0}
    - _DetailMask:
        m_Texture: {fileID: 0}
        m_Scale: {x: 1, y: 1}
        m_Offset: {x: 0, y: 0}
    - _DetailNormalMap:
        m_Texture: {fileID: 2800000, guid: aac78f72298ebf7479cb1b1f74373869, type: 3}
        m_Scale: {x: 1, y: 1}
        m_Offset: {x: 0, y: 0}
    - _EmissionMap:
        m_Texture: {fileID: 0}
        m_Scale: {x: 1, y: 1}
        m_Offset: {x: 0, y: 0}
    - _MainTex:
        m_Texture: {fileID: 2800000, guid: bf5ef63f47372324da3a86bd5660ae00, type: 3}
        m_Scale: {x: 1, y: 1}
        m_Offset: {x: 0, y: 0}
    - _OcclusionMap:
        m_Texture: {fileID: 0}
        m_Scale: {x: 1, y: 1}
        m_Offset: {x: 0, y: 0}
    - _Overlay:
        m_Texture: {fileID: 0}
        m_Scale: {x: 1, y: 1}
        m_Offset: {x: 0, y: 0}
    - _ParallaxMap:
        m_Texture: {fileID: 0}
        m_Scale: {x: 1, y: 1}
        m_Offset: {x: 0, y: 0}
    - _SpecGlossMap:
        m_Texture: {fileID: 2800000, guid: bb84d079d1be44e309a1aaad74bcf4cf, type: 3}
        m_Scale: {x: 1, y: 1}
        m_Offset: {x: 0, y: 0}
    m_Floats:
    - _BumpScale: 1
    - _CullMode: 2
    - _Cutoff: 0.5
    - _DetailNormalMapScale: 1
    - _DstBlend: 0
    - _EmissionScaleUI: 0
    - _Glossiness: 0.5
    - _Mode: 1
    - _OcclusionStrength: 1
    - _Parallax: 0.02
    - _PlaneReflectionBumpClamp: 0.05
    - _PlaneReflectionBumpScale: 0.4
    - _SmoothnessInAlbedo: 0
    - _SmoothnessTweak1: 1
    - _SmoothnessTweak2: 0
    - _SrcBlend: 1
    - _UVSec: 0
    - _ZWrite: 1
    m_Colors:
    - _Color: {r: 1, g: 1, b: 1, a: 1}
    - _EmissionColor: {r: 0, g: 0, b: 0, a: 1}
    - _EmissionColorUI: {r: 1, g: 1, b: 1, a: 1}
    - _OverlayColor: {r: 0, g: 0, b: 0, a: 0}
    - _SpecColor: {r: 0.2, g: 0.2, b: 0.2, a: 1}
    - _SpecularMapColorTweak: {r: 1, g: 1, b: 1, a: 1}
--- !u!1 &1364587829 stripped
GameObject:
  m_PrefabParentObject: {fileID: 1471226259642610, guid: 9f3475f24b22eeb49a0d69635ccde635,
    type: 2}
  m_PrefabInternal: {fileID: 49370980}
--- !u!114 &1674850741 stripped
MonoBehaviour:
  m_PrefabParentObject: {fileID: 114702178179932058, guid: e44e02e0d1417b945b15dc959ea39413,
    type: 2}
  m_PrefabInternal: {fileID: 83731403}
  m_Script: {fileID: -113659843, guid: f70555f144d8491a825f0804e09c671c, type: 3}
--- !u!1001 &1716503299
Prefab:
  m_ObjectHideFlags: 0
  serializedVersion: 2
  m_Modification:
    m_TransformParent: {fileID: 0}
    m_Modifications:
    - target: {fileID: 4950588327729162, guid: 953a460e6674dc94395a7f3740043389, type: 2}
      propertyPath: m_LocalPosition.x
      value: 1
      objectReference: {fileID: 0}
    - target: {fileID: 4950588327729162, guid: 953a460e6674dc94395a7f3740043389, type: 2}
      propertyPath: m_LocalPosition.y
      value: 15
      objectReference: {fileID: 0}
    - target: {fileID: 4950588327729162, guid: 953a460e6674dc94395a7f3740043389, type: 2}
      propertyPath: m_LocalPosition.z
      value: -22
      objectReference: {fileID: 0}
    - target: {fileID: 4950588327729162, guid: 953a460e6674dc94395a7f3740043389, type: 2}
      propertyPath: m_LocalRotation.x
      value: 0.2588191
      objectReference: {fileID: 0}
    - target: {fileID: 4950588327729162, guid: 953a460e6674dc94395a7f3740043389, type: 2}
      propertyPath: m_LocalRotation.y
      value: 0
      objectReference: {fileID: 0}
    - target: {fileID: 4950588327729162, guid: 953a460e6674dc94395a7f3740043389, type: 2}
      propertyPath: m_LocalRotation.z
      value: 0
      objectReference: {fileID: 0}
    - target: {fileID: 4950588327729162, guid: 953a460e6674dc94395a7f3740043389, type: 2}
      propertyPath: m_LocalRotation.w
      value: 0.9659258
      objectReference: {fileID: 0}
    - target: {fileID: 4950588327729162, guid: 953a460e6674dc94395a7f3740043389, type: 2}
      propertyPath: m_RootOrder
      value: 6
      objectReference: {fileID: 0}
    - target: {fileID: 114730872730602602, guid: 953a460e6674dc94395a7f3740043389,
        type: 2}
      propertyPath: target
      value: 
      objectReference: {fileID: 1223202954}
    m_RemovedComponents: []
  m_ParentPrefab: {fileID: 100100000, guid: 953a460e6674dc94395a7f3740043389, type: 2}
  m_IsPrefabParent: 0
--- !u!1001 &1772921108
Prefab:
  m_ObjectHideFlags: 0
  serializedVersion: 2
  m_Modification:
    m_TransformParent: {fileID: 0}
    m_Modifications:
    - target: {fileID: 400000, guid: 8d5a11bd06da90543b4faa8b968b2cc2, type: 3}
      propertyPath: m_LocalPosition.x
      value: -5.1
      objectReference: {fileID: 0}
    - target: {fileID: 400000, guid: 8d5a11bd06da90543b4faa8b968b2cc2, type: 3}
      propertyPath: m_LocalPosition.y
      value: 0
      objectReference: {fileID: 0}
    - target: {fileID: 400000, guid: 8d5a11bd06da90543b4faa8b968b2cc2, type: 3}
      propertyPath: m_LocalPosition.z
      value: 6.95
      objectReference: {fileID: 0}
    - target: {fileID: 400000, guid: 8d5a11bd06da90543b4faa8b968b2cc2, type: 3}
      propertyPath: m_LocalRotation.x
      value: 0
      objectReference: {fileID: 0}
    - target: {fileID: 400000, guid: 8d5a11bd06da90543b4faa8b968b2cc2, type: 3}
      propertyPath: m_LocalRotation.y
      value: -0
      objectReference: {fileID: 0}
    - target: {fileID: 400000, guid: 8d5a11bd06da90543b4faa8b968b2cc2, type: 3}
      propertyPath: m_LocalRotation.z
      value: -0
      objectReference: {fileID: 0}
    - target: {fileID: 400000, guid: 8d5a11bd06da90543b4faa8b968b2cc2, type: 3}
      propertyPath: m_LocalRotation.w
      value: 1
      objectReference: {fileID: 0}
    - target: {fileID: 400000, guid: 8d5a11bd06da90543b4faa8b968b2cc2, type: 3}
      propertyPath: m_RootOrder
      value: 4
      objectReference: {fileID: 0}
    - target: {fileID: 100000, guid: 8d5a11bd06da90543b4faa8b968b2cc2, type: 3}
      propertyPath: m_TagString
      value: round_carpet_geo
      objectReference: {fileID: 0}
    m_RemovedComponents: []
  m_ParentPrefab: {fileID: 100100000, guid: 8d5a11bd06da90543b4faa8b968b2cc2, type: 3}
  m_IsPrefabParent: 0
--- !u!1 &1772921109 stripped
GameObject:
  m_PrefabParentObject: {fileID: 100000, guid: 8d5a11bd06da90543b4faa8b968b2cc2, type: 3}
  m_PrefabInternal: {fileID: 1772921108}
--- !u!122 &1772921110
Halo:
  m_ObjectHideFlags: 0
  m_PrefabParentObject: {fileID: 0}
  m_PrefabInternal: {fileID: 0}
  m_GameObject: {fileID: 1772921109}
  m_Enabled: 1
  m_Color:
    serializedVersion: 2
    rgba: 4286611584
  m_Size: 3
--- !u!114 &1772921111
MonoBehaviour:
  m_ObjectHideFlags: 0
  m_PrefabParentObject: {fileID: 0}
  m_PrefabInternal: {fileID: 0}
  m_GameObject: {fileID: 1772921109}
  m_Enabled: 1
  m_EditorHideFlags: 0
  m_Script: {fileID: 11500000, guid: bf9c30692ff081c4aa2ca05c59488ed6, type: 3}
  m_Name: 
  m_EditorClassIdentifier: 
  TheDistance: 0
  currentScene: 1
  nowscore: 
  nowscene: 
  UpdateUrl: 
--- !u!65 &1772921112
BoxCollider:
  m_ObjectHideFlags: 0
  m_PrefabParentObject: {fileID: 0}
  m_PrefabInternal: {fileID: 0}
  m_GameObject: {fileID: 1772921109}
  m_Material: {fileID: 0}
  m_IsTrigger: 1
  m_Enabled: 1
  serializedVersion: 2
  m_Size: {x: 2.6457148, y: 0.6845515, z: 2.631222}
  m_Center: {x: 0.00000023841858, y: 0.34227574, z: -0.00000035762787}
--- !u!1 &1845721229 stripped
GameObject:
  m_PrefabParentObject: {fileID: 1795855309830338, guid: 9f3475f24b22eeb49a0d69635ccde635,
    type: 2}
  m_PrefabInternal: {fileID: 49370980}
--- !u!1001 &1852136372
Prefab:
  m_ObjectHideFlags: 0
  serializedVersion: 2
  m_Modification:
    m_TransformParent: {fileID: 0}
    m_Modifications:
    - target: {fileID: 4600899691939810, guid: fc690384719ac274a89fe7046c1fc14e, type: 2}
      propertyPath: m_LocalPosition.x
      value: 1204.5103
      objectReference: {fileID: 0}
    - target: {fileID: 4600899691939810, guid: fc690384719ac274a89fe7046c1fc14e, type: 2}
      propertyPath: m_LocalPosition.y
      value: 107.258575
      objectReference: {fileID: 0}
    - target: {fileID: 4600899691939810, guid: fc690384719ac274a89fe7046c1fc14e, type: 2}
      propertyPath: m_LocalPosition.z
      value: 1032.9725
      objectReference: {fileID: 0}
    - target: {fileID: 4600899691939810, guid: fc690384719ac274a89fe7046c1fc14e, type: 2}
      propertyPath: m_LocalRotation.x
      value: 0
      objectReference: {fileID: 0}
    - target: {fileID: 4600899691939810, guid: fc690384719ac274a89fe7046c1fc14e, type: 2}
      propertyPath: m_LocalRotation.y
      value: 0
      objectReference: {fileID: 0}
    - target: {fileID: 4600899691939810, guid: fc690384719ac274a89fe7046c1fc14e, type: 2}
      propertyPath: m_LocalRotation.z
      value: 0
      objectReference: {fileID: 0}
    - target: {fileID: 4600899691939810, guid: fc690384719ac274a89fe7046c1fc14e, type: 2}
      propertyPath: m_LocalRotation.w
      value: 1
      objectReference: {fileID: 0}
    - target: {fileID: 4600899691939810, guid: fc690384719ac274a89fe7046c1fc14e, type: 2}
      propertyPath: m_RootOrder
      value: 8
      objectReference: {fileID: 0}
    - target: {fileID: 114117285267036008, guid: fc690384719ac274a89fe7046c1fc14e,
        type: 2}
      propertyPath: playerHealth
      value: 
      objectReference: {fileID: 1223202944}
    - target: {fileID: 114117285267036008, guid: fc690384719ac274a89fe7046c1fc14e,
        type: 2}
      propertyPath: spawnPoints.Array.data[0]
      value: 
      objectReference: {fileID: 115988123}
    m_RemovedComponents: []
  m_ParentPrefab: {fileID: 100100000, guid: fc690384719ac274a89fe7046c1fc14e, type: 2}
  m_IsPrefabParent: 0
--- !u!1001 &1861600967
Prefab:
  m_ObjectHideFlags: 0
  serializedVersion: 2
  m_Modification:
    m_TransformParent: {fileID: 0}
    m_Modifications:
    - target: {fileID: 4805536694674706, guid: de63a1577ac75cd4183b987ecfbf5262, type: 2}
      propertyPath: m_LocalPosition.x
      value: -0.30597353
      objectReference: {fileID: 0}
    - target: {fileID: 4805536694674706, guid: de63a1577ac75cd4183b987ecfbf5262, type: 2}
      propertyPath: m_LocalPosition.y
      value: 1.097
      objectReference: {fileID: 0}
    - target: {fileID: 4805536694674706, guid: de63a1577ac75cd4183b987ecfbf5262, type: 2}
      propertyPath: m_LocalPosition.z
      value: 1.369
      objectReference: {fileID: 0}
    - target: {fileID: 4805536694674706, guid: de63a1577ac75cd4183b987ecfbf5262, type: 2}
      propertyPath: m_LocalRotation.x
      value: 0
      objectReference: {fileID: 0}
    - target: {fileID: 4805536694674706, guid: de63a1577ac75cd4183b987ecfbf5262, type: 2}
      propertyPath: m_LocalRotation.y
      value: 0
      objectReference: {fileID: 0}
    - target: {fileID: 4805536694674706, guid: de63a1577ac75cd4183b987ecfbf5262, type: 2}
      propertyPath: m_LocalRotation.z
      value: 0
      objectReference: {fileID: 0}
    - target: {fileID: 4805536694674706, guid: de63a1577ac75cd4183b987ecfbf5262, type: 2}
      propertyPath: m_LocalRotation.w
      value: 1
      objectReference: {fileID: 0}
    - target: {fileID: 4805536694674706, guid: de63a1577ac75cd4183b987ecfbf5262, type: 2}
      propertyPath: m_RootOrder
      value: 10
      objectReference: {fileID: 0}
    - target: {fileID: 114576899126735450, guid: de63a1577ac75cd4183b987ecfbf5262,
        type: 2}
      propertyPath: Player
      value: 
      objectReference: {fileID: 518963529}
    - target: {fileID: 114576899126735450, guid: de63a1577ac75cd4183b987ecfbf5262,
        type: 2}
      propertyPath: FadeScreenIn
      value: 
      objectReference: {fileID: 426439069}
    - target: {fileID: 114576899126735450, guid: de63a1577ac75cd4183b987ecfbf5262,
        type: 2}
      propertyPath: TextBox
      value: 
      objectReference: {fileID: 426439068}
    m_RemovedComponents: []
  m_ParentPrefab: {fileID: 100100000, guid: de63a1577ac75cd4183b987ecfbf5262, type: 2}
  m_IsPrefabParent: 0
--- !u!1001 &2083233745
Prefab:
  m_ObjectHideFlags: 0
  serializedVersion: 2
  m_Modification:
    m_TransformParent: {fileID: 0}
    m_Modifications:
    - target: {fileID: 4359873626075040, guid: 5a20eb56739cf4947b06d64c5712d91b, type: 2}
      propertyPath: m_LocalPosition.x
      value: -9.6
      objectReference: {fileID: 0}
    - target: {fileID: 4359873626075040, guid: 5a20eb56739cf4947b06d64c5712d91b, type: 2}
      propertyPath: m_LocalPosition.y
      value: 0
      objectReference: {fileID: 0}
    - target: {fileID: 4359873626075040, guid: 5a20eb56739cf4947b06d64c5712d91b, type: 2}
      propertyPath: m_LocalPosition.z
      value: 1.09
      objectReference: {fileID: 0}
    - target: {fileID: 4359873626075040, guid: 5a20eb56739cf4947b06d64c5712d91b, type: 2}
      propertyPath: m_LocalRotation.x
      value: 0
      objectReference: {fileID: 0}
    - target: {fileID: 4359873626075040, guid: 5a20eb56739cf4947b06d64c5712d91b, type: 2}
      propertyPath: m_LocalRotation.y
      value: 0.86602545
      objectReference: {fileID: 0}
    - target: {fileID: 4359873626075040, guid: 5a20eb56739cf4947b06d64c5712d91b, type: 2}
      propertyPath: m_LocalRotation.z
      value: 0
      objectReference: {fileID: 0}
    - target: {fileID: 4359873626075040, guid: 5a20eb56739cf4947b06d64c5712d91b, type: 2}
      propertyPath: m_LocalRotation.w
      value: 0.49999994
      objectReference: {fileID: 0}
    - target: {fileID: 4359873626075040, guid: 5a20eb56739cf4947b06d64c5712d91b, type: 2}
      propertyPath: m_RootOrder
      value: 12
      objectReference: {fileID: 0}
    - target: {fileID: 114048757453374198, guid: 5a20eb56739cf4947b06d64c5712d91b,
        type: 2}
      propertyPath: ActionDisplay
      value: 
      objectReference: {fileID: 1845721229}
    - target: {fileID: 114048757453374198, guid: 5a20eb56739cf4947b06d64c5712d91b,
        type: 2}
      propertyPath: ActionText
      value: 
      objectReference: {fileID: 1364587829}
    m_RemovedComponents: []
  m_ParentPrefab: {fileID: 100100000, guid: 5a20eb56739cf4947b06d64c5712d91b, type: 2}
  m_IsPrefabParent: 0
